@misc{s,
	author="EDNA MARIA DA SILVA and Suzana Maria Brito de Medeiros",
	title="Lendo e escrevendo usando LIBRAS",
	year="2010",
	address="Natal, RN",
	url="\url{http://portaldoprofessor.mec.gov.br/fichaTecnicaAula.html?aula=24186}",
	note="Acesso em: 21 novembro 2016"	
}

@misc{aud,
	  title = "Audiologica",
      year = "2014",
      url = "\url{http://www.audiologica.com.br/}",
		note="Acesso em: 9 janeiro 2015"
}

@misc{l6,
	author="Brasil",
	title="Subchefia para Assuntos Jurídicos. Estabelece as diretrizes e bases da educação nacional.",
	year="20 de dezembro de 1996",
	address="Brasília",
	note="Acesso em: 21 novembro 2016",
	url="\url{http://www.planalto.gov.br/ccivil_03/Leis/L9394.htm}"
}

@misc{l4,
	author="Brasil",
	title="Subchefia para Assuntos Jurídicos. Institui o Plano Nacional dos Direitos da Pessoa com Deficiência - Plano Viver sem Limite.",
	year="17 de novembro de 2011",
	address="Brasília",
	note="Acesso em: 21 novembro 2016",
	url="\url{http://www.planalto.gov.br/ccivil_03/_Ato2011-2014/2011/Decreto/D7612.htm}"
}

@misc{l5,
	author="Brasil",
	title="Subchefia para Assuntos Jurídicos. Institui a Lei Brasileira de Inclusão da Pessoa com Deficiência (Estatuto da Pessoa com Deficiência).",
	year="6 de julho de 2015",
	address="Brasília",
	note="Acesso em: 21 novembro 2016",
	url="\url{http://www.planalto.gov.br/ccivil_03/_Ato2015-2018/2015/Lei/L13146.htm}"
}

@misc{l3,
	author="Brasil",
	title="Aprova o Plano Nacional de Educação - PNE e dá outras providências.",
	year="25 de junho de 2014",
	address="Brasília",
	note="Acesso em: 21 novembro 2016",
	url="\url{https://www.fnde.gov.br/fndelegis/action/UrlPublicasAction.php?acao=abrirAtoPublico&sgl_tipo=LEI&num_ato=00013005&seq_ato=000&vlr_ano=2014&sgl_orgao=NI}"
}

@misc{l2,
	author="Brasil",
	title="Subchefia para Assuntos Jurídicos. Dispõe sobre a Língua Brasileira de Sinais - Libras.",
	year="22 de dezembro de 2005",
	address="Brasília",
	note="Acesso em: 21 novembro 2016",
	url="\url{http://www.planalto.gov.br/ccivil_03/_ato2004-2006/2005/decreto/d5626.htm}"
}

@misc{l1,
	author="Brasil",
	title="Subchefia para Assuntos Jurídicos. Dispõe sobre a Língua Brasileira de Sinais - Libras e dá outras providências.",
	year="24 de abril de 2002",
	address="Brasília",
	note="Acesso em: 21 novembro 2016",
	url="\url{http://www.planalto.gov.br/ccivil_03/leis/2002/L10436.htm}"
}

@misc{bev,
	  author="Cláudia A. Bisol and Carla Beatris Valentini",
	  title = "Surdez e a Deficiência Auditiva: Qual a diferença?",
      year = "2011",
      note="Acesso em: 21 novembro 2016",
      url = "\url{http://www.grupoelri.com.br/Incluir/downloads/OA_SURDEZ_Surdez_X_Def_Audit_Texto.pdf}"
}

@MASTERSTHESIS{sal,
       author={Elielson Ribeiro de Sales},
       title={A visualização no ensino de matemática: Uma experiência com alunos},
       school={Universidade Estudual Paulista},
       year={2013},
       type={Doutorado}
}

@MASTERSTHESIS{lei,
       author={Maici Duarte Leite},
       title={Design da interação de interfaces educativas para o ensino de matemática para crianças e jovens surdos},
       school={Universidade Federal de Pernambuco},
       year={2007},
       type={Mestrado}
}

@MASTERSTHESIS{jur,
       author={Jurema Lindote Botelho Peixoto},
       title={Análise dos esquemas de surdos sinalizadores associados aos significados da divisão},
       school={Universidade Federal da Bahia},
       year={2015},
       type={Doutorado}
}

@MASTERSTHESIS{rodr,
       author={Karoline Santos Rodrigues},
       title={Do Sistema Integracionista à Escola Bilíngue Para Surdos do Distrito Federal: Análise Comportamental},
       school={Universidade Católica de Brasília},
       year={2013},
       type={Pós-Graduação}
}

@article{cr,
	author="Tatyane V. de Q. F. da Cruz and Síntia Labres Lautert",
	title="Que fatores interferem na resolução de problemas de multiplicação por crianças surdas: A língua ou os suportes de representação?",
	journal="JIEEM",
	year="v.7, 2014",
	pages="65 - 88",
}


@article{fa,
	author="M. H. Favero and M. L. Pimenta",
	title="Pensamento e linguagem: a língua de sinais na resolução de problemas. Psicologia",
	journal="Reflexão e Crítica",
	year="v.19, 2006",
	pages="60 - 71",
}

@article{kub,
	author="Cristiane Kubaski and Violeta Porto Moraes",
	title="O Bilinguismo como Proposta Educacional para Crianças Surdas",
	journal="EDUCERE - IX Congresso Nacional de Educação",
	year="2009",
}

@article{nogu,
	author="Clelia Maria Ignatius Nogueira and Doherty Andrade and Maria Emilia Melo Tamanini Zanqueta",
	title="As Medidas de Comprimento na Educação de Surdos",
	journal="SBEM [online]",
	number="33",
	year="2011",
	pages="24-35",
}

@article{mm,
	author="Crispim Joaquim de Almeida Miranda and Tatiana Lopes de Miranda",
	title="O Ensino de Matemática para Alunos Surdos: Quais os Desafios que o Professor Enfrenta? The Teaching of Mathematics for Deaf Students: Which the Challenges that the Teacher Faces?",
	journal="REVEMAT [online]",
	volume="6",
	number="1",
	year="2011",
	pages="31-46",
}

@article{pei,
	author="Jurema Lindote Botelho Peixoto",
	title="Esquemas Mobilizados por Surdos Sinalizadores no Cálculo da Multiplicação",
	journal="SBEM [online]",
	number="40",
	year="2013",
	pages="21-29",
}

@article{capo,
	author="Fernando C. Capovilla",
	title="Filosofias educacionais em relação ao surdo: Do Oralismo à Comunicação Total ao Bilinguismo",
	journal="Revista Brasileira de Educação Especial",
	volume="6",
	number="1",
	year="2000",
	pages="99-116",
}

@article{dec,
	author="Liliane Correia Toscano de Brito Dizeu and Sueli Aparecida Caporali",
	title="A língua de sinais constituindo o surdo como sujeito",
	journal="Educação e Sociedade",
	volume="26",
	number="91",
	year="maio/agosto - 2005",
	pages="583-597",
}

@article{mon,
	author="Myrna Salerno Monteiro",
	title="História dos movimentos dos surdos e o reconhecimento da libras no Brasil",
	journal="ETD - Educação Temática Digital",
	volume="7",
	number="2",
	year="junh - 2006",
	pages="292-302",
}

@article{sou,
	author="Sinval Fernandes de Sousa and Hélder Eterno da Silveira",
	title="Terminologias Químicas em Libras: A Utilização de Sinais na Aprendizagem de Alunos Surdos",
	journal="Química nova na escola",
	volume="33",
	number="1",
	year="fevereiro - 2011",
}

@article{lacerd,
	author="Cristina Broglia Feitosa de Lacerda",
	title="A inclusão escolar de alunos surdos: O que dizem alunos, professores e intérpretes sobre esta experiência",
	journal="Cad. Cedes",
	volume="26",
	number="69",
	year="maio/agosto - 2006",
	pages="163-184",
}

@book{lip,
	author="Luciane Lippmann",
	title="Matemática para educação infantil",
	year="2009",
	publishe="IESDE",
	address="Curitiba, PR"
}

@book{gold,
	author="Marcia Goldfeld",
	title="A criança surda: linguagem e cognição numa prespectiva sociointeracionista",
	year="2002",
	publishe="Plexus",
	address="São Paulo"
}

@book{soares,
	author="Maria Aparecida Leite Soares",
	title="A educação do surdo no Brasil",
	year="2005",
	publishe="Autores Associados",
	address="São Paulo"
}

@book{san,
	author="Ana Paula Santana",
	title="Surdez e linguagem: aspectos e implicações neurolinguísticas",
	year="2007",
	publishe="Plexus",
	address="São Paulo"
}

@book{qes,
	author="Ronice Müller de Quadros and Marianne Rossi Stumpf",
	title="Estudos surdos IV",
	year="2009",
	publishe="Arara Azul",
	address="Rio de Janeiro"
}

@book{quads,
	author="Ronice Müller de Quadros",
	title="Língua de Sinais (recursos eletrônicos): instrumentos de avaliação",
	year="2011",
	publishe="Artmed",
	address="Porto Alegre"
}

@book{quas,
	author="Ronice Müller de Quadros",
	title="Educação de Surdos: A Aquisição da Linguagem",
	year="2008",
	publishe="Artmed",
	address="Porto Alegre"
}

@book{qua,
	author="Ronice Müller de Quadros",
	title="Estudos surdos I",
	year="2006",
	publishe="Arara Azul",
	address="Rio de Janeiro"
}

@book{qep,
	author="Ronice Müller de Quadros and Gladis Perlin",
	title="Estudos surdos II",
	year="2007",
	publishe="Arara Azul",
	address="Rio de Janeiro"
}

@book{fil,
	author="Otacilio de C. Lopes Filho",
	title="Tratado de fonoaudiologia",
	year="1997",
	publishe="Roca",
	address="São Paulo"
}

@book{bot,
	author="Paula Botelho",
	title="Linguagem e letramento na educação dos surdos - Ideologias e práticas pedagógicas",
	year="2005",
	publishe="Autêntica",
	address="Belo Horizonte"
}

@book{cris,
	author="Cristina Abranches Mota Batista",
	title="Educação inclusiva : atendimento educacional especializado para a deficiência mental",
	year="2006",
	publishe="MEC",
	address="SEESP"
}

@book{car,
	author="Terezinha Nunes Carraher and David William Carraher and Anal\'{u}cia Dias Schliemann",
	title="Na vida dez, na escola zero",
	year="1988",
	publishe="Cortez",
	address="S\~{a}o Paulo"
}

@article{cou,
	author="Maria Dolores Martins da Cunha Coutinho",
	title="Resolu\c{c}\~{a}o de problemas por meio de esquemas",
	journal="XIII Confer\^{e}ncia Interamericana de Educa\c{c}\~{a}o Matem\'{a}tica - CIMM",
	year="2011",
}

@book{Ubi,
	author="Ubiratan D'Ambrosio",
	title="Educação Matemática: Da Teoria à prática",
	year="1996",
	publishe="Papirus",
	address="S\~{a}o Paulo"
}
	
@book{amore,
	author="Bruno D'Amore",
	title="Elementos de Did\'{a}tica da Matem\'{a}tica",
	year="2007",
	publishe="Editora Livraria da F\`{i}sica",
	address="S\~{a}o Paulo"
}

@book{ei,
	author="Maria Salete Fábio Aranha and Claudia Pereira Dutra",
	title="Educação Inclusiva: A Escola",
	year="2004",
	publishe="SEESP/MEC",
	address="Brasília"
}

@book{sp,
	author="Maria Salete Fábio Aranha and Francisca Roseneide Furtado do Monte and Denise de Oliveira Alves and Maria de Fátima Cardoso Telles",
	title="Saberes e práticas da inclusão: Desenvolvendo competências para o atemdimento às necessidades educacionais especiais de alunos surdos",
	year="2006",
	publishe="SEESP/MEC",
	address="Brasília"
}

@book{Paul,
	author="Simone Mainieri Paulon and Lia Beatriz de Lucca Freitas and Gerson Smiech Pinto",
	title="Documento Subsidiário à Política de Inclusão",
	year="2005",
	publishe="",
	address="MEC/SEESP"
}

@book{sado,
	author="Patricia Sadovsky",
	title="O ensino da matem\'{a}tica hoje: Enfoques, sentidos e desafios",
	year="2007",
	publishe="\'{A}tica",
	address="S\~{a}o Paulo"
}

@book{silva,
	author="Veleida Anah\'{i} da Silva",
	title="Por que e para que aprender Matem\'{a}tica?: A rela\c{c}\~{a}o com a matem\'{a}tica dos alunos de s\'{e}ries iniciais",
	year="2009",
	publishe="Cortez",
	address="S\~{a}o Paulo"
}

@book{macha,
	author="Silvia Dias Alcântarra Machado",
	title="Educação matemática: uma (nova) introdução",
	year="2008",
	publishe="EDUC",
	address="S\~{a}o Paulo"
}

@book{machado,
	author="Nilson Jos\'{e} Machado",
	title="Matem\'{a}tica e L\'{i}ngua Materna (An\'{a}lise de uma impregna\c{c}\~{a}o m\'{u}tua)",
	year="1990",
	publishe="Cortez",
	address="S\~{a}o Paulo"
}

@book{nunes,
	author="Terezinha Nunes and Peter Bryant",
	title="Crian\c{c}as fazendo matem\'{a}tica",
	year="1997",
	publishe="Artes Medicas",
	address="Porto Alegre (RS)"
}

@article{moraes,
	author="Moraes,J.S. and Cristianini, G. M. S.",
	title="Terminologia de Matem\'{a}tica: Revis\~{a}o da \'{a}rea para o Vocabul\'{a}rio Controlado da USP",
	Journal="Impacto das Tecnologias de Informa\c{c}\~{a}o na Gest\~{a}o da Biblioteca Universsit\'{a}tia - Uso estrat\'{e}gico da tecnologias em informa\c{c}\~{a}o document\'{a}ria",
	year="2008",
}

@article{Almeida,
	author="Priscila Logatto de Almeida Oliveira",
	title="A Matem\'{a}tica Surda",
	journal="Secretaria Municipal de Educa\c{c}\~{a}o de Serop\'{e}dica",
}	

@article{Sales,
	author="Elielson Sales and Adriane Sales",
	title="Matem\'{a}tica Visual: Um olhar etnomatem\'{a}tico sobre uma pr\'{a}tica docente com alunos surdos",
	journal="III Jornada Nacional de Educa\c{c}\~{a}o Matem\'{a}tica e XVI Jornada Regional de Educa\c{c}\~{a}o Martem\'{a}tica, Passo Fundo",
	year="2010"
}

@article{coelho,
	author="Silvana Elisa de M. Schbert and Luiz Andr\'{e} Brito Coelho",
	title="A Matem\'{a}tica e a Surdes: Existem barreiras na aprendizagem dessa disciplina?",
	journal="X Congresso Nacional de Educa\c{c}\~{a}o - EDUCERE",
	year="2011"
}

@MASTERSTHESIS{PC,
       author={Paulo Cesar Machado},
       title={Diferen\c{c}a cultural e educa\c{c}\~{a}o bil\'{i}ngue: as narrativas dos professores surdos sobre questões curriculares},
       school={Universidade Federal de Santa Catarina},
       year={2009},
       type={P\'{o}s-gradua\c{c}\~{a}o}
}

@MASTERSTHESIS{martins,
       author={Vanessa Regina de Oliveira Martins},
       title={Educa\c{c}\~{a}o de surdos no paradoxo da inclus\~{a}o com interprete de l\'{i}ngua de sinais: rela\c{c}ões de poder e (re)cria\c{c}ões do sujeito},
       school={Universidade Estadual de Campinas},
       year={2008},
       type={Mestrado}
}

@MASTERSTHESIS{oliveira,
       author={Janine Soares de Oliveira},
       title={Considera\c{c}ões sobre a L\'{i}ngua de Sinais Brasileira e a apresenta\c{c}\~{a}o de conceitos geom\'{e}tricos},
       school={Universidade Federal Fluminense},
       year={2003},
       type={Gradua\c{c}\~{a}o}
}

@MASTERSTHESIS{stro,
       author={K. L. Strobel},
       title={Surdos: Vest\'{i}gios Culturais n\~{a}o Registrados na Hist\'{o}ria},
       school={Universidade Federal de Santa Catarina},
       year={2008},
       type={Doutorado}
}

@MASTERSTHESIS{vieira,
       author={Mauren Elisabeth Medeiros Vieira},
       title={A auto-representa\c{c}\~{a}o e atua\c{c}\~{a}o dos "professores-interpretes" de L\'{i}ngua de sinais: Afinal... Professor ou Interprete?},
       school={Universidade Federal de Santa Catarina},
       year={2007},
       type={Mestrado}
}

@misc{wiki,
	  title = "O Bilinguismo Aplicado a Educa\c{c}\~{a}o Especial de Surdos",
      year = "2013",
      note="Acesso em: 21 novembro 2016",
      url = "\url{http://www.ufrgs.br/psicoeduc/wiki/index.php/P%C3%A1gina_principal}"
}


@misc{audi,
	  title = "Audicao em mamiferos",
      year = "2014",
      note="Acesso em: 21 novembro 2016",
      url = "\url{http://www.sobiologia.com.br/}"
}

@misc{coch,
	  title = "Cochlear",
      year = "2014",
      note="Acesso em: 21 novembro 2016",
      url = "\url{http://la.cochlearamericas.com/pt-br}"
}

@misc{crist,
	  author= "Cristiana B. Pereira",
	  title = "Vertigem e tontura",
      year = "2014",
      note="Acesso em: 21 novembro 2016",
      url = "\url{http://vertigemetontura.com.br/index.htm}"
}

@misc{phs,
	  title = "Portal dos bebês",
      year = "2014",
      note="Acesso em: 21 novembro 2016",
      url = "\url{http://portaldosbebes.fob.usp.br/portaldosbebes/Portugues/index.php}"
}

@misc{vs,
	  title = "Vetor Serra",
      year = "2014",
     	note="Acesso em: 21 novembro 2016",
      url = "\url{http://www.vetorserra.com.br/}"
}


url="\url{http://portaldoprofessor.mec.gov.br/fichaTecnicaAula.html?aula=24186}"
